<record><leader>00000cas a22000007a 4500</leader><controlfield tag="001">12407383</controlfield><controlfield tag="008">850821d18441844nyuwr ne      0    0eng d</controlfield><datafield ind1=" " ind2=" " tag="010"><subfield code="a">sn 85026710 </subfield></datafield><datafield ind1=" " ind2=" " tag="040"><subfield code="a">NPX</subfield><subfield code="b">eng</subfield><subfield code="c">NPX</subfield><subfield code="d">NPY</subfield><subfield code="d">NYS</subfield><subfield code="d">OCL</subfield><subfield code="d">OCLCG</subfield><subfield code="d">OCLCQ</subfield><subfield code="d">OCLCF</subfield><subfield code="d">OCLCO</subfield></datafield><datafield ind1=" " ind2=" " tag="042"><subfield code="a">msc</subfield></datafield><datafield ind1=" " ind2=" " tag="043"><subfield code="a">n-us-ny</subfield></datafield><datafield ind1="0" ind2="4" tag="245"><subfield code="a">The Coon skinner.</subfield></datafield><datafield ind1=" " ind2=" " tag="260"><subfield code="a">Ithaca, N.Y. :</subfield><subfield code="b">[s.n.]</subfield></datafield><datafield ind1=" " ind2=" " tag="300"><subfield code="a">v. :</subfield><subfield code="b">ill. ;</subfield><subfield code="c">40 cm.</subfield></datafield><datafield ind1=" " ind2=" " tag="310"><subfield code="a">Weekly</subfield></datafield><datafield ind1="1" ind2=" " tag="362"><subfield code="a">Began in June 1844.</subfield></datafield><datafield ind1="0" ind2=" " tag="362"><subfield code="a">-no. 20 (Dec. 9, 1844).</subfield></datafield><datafield ind1=" " ind2=" " tag="500"><subfield code="a">Campaign paper of the Democratic Party.</subfield></datafield><datafield ind1=" " ind2=" " tag="500"><subfield code="a">Supported James K. Polk for president.</subfield></datafield><datafield ind1=" " ind2=" " tag="588"><subfield code="a">Description based on: No. 4 (July 19, 1844).</subfield></datafield><datafield ind1="1" ind2="0" tag="600"><subfield code="a">Polk, James K.</subfield><subfield code="q">(James Knox),</subfield><subfield code="d">1795-1849.</subfield></datafield><datafield ind1=" " ind2="0" tag="651"><subfield code="a">Ithaca (N.Y.)</subfield><subfield code="v">Newspapers.</subfield></datafield><datafield ind1=" " ind2="7" tag="655"><subfield code="a">Newspapers.</subfield><subfield code="2">fast</subfield><subfield code="0">(OCoLC)fst01423814</subfield></datafield><datafield ind1="1" ind2="7" tag="600"><subfield code="a">Polk, James K.</subfield><subfield code="q">(James Knox),</subfield><subfield code="d">1795-1849.</subfield><subfield code="2">fast</subfield><subfield code="0">(OCoLC)fst00063709</subfield></datafield><datafield ind1=" " ind2="7" tag="651"><subfield code="a">New York (State)</subfield><subfield code="z">Ithaca.</subfield><subfield code="2">fast</subfield><subfield code="0">(OCoLC)fst01205507</subfield></datafield><datafield ind1="2" ind2=" " tag="710"><subfield code="a">Democratic Party (N.Y.)</subfield></datafield><datafield ind1=" " ind2=" " tag="752"><subfield code="a">United States</subfield><subfield code="b">New York</subfield><subfield code="c">Tompkins</subfield><subfield code="d">Ithaca.</subfield></datafield></record>